@article{nakamoto,
  title={Bitcoin: A peer-to-peer electronic cash system},
  author={Nakamoto, Satoshi},
  journal={Consulted},
  volume={1},
  year={2008}
}

@misc{cdc,
  title = {Sepsis Data Report},
  author = {Center for Disease Control},
  howpublished = {{https://www.cdc.gov/sepsis/datareports/index.html}},
  year = {August 18, 2016},
  note = {Accessed: 02-14-2017}
}

@misc{survival,
  title = {Duration of hypotension before initiation of effective antimicrobial therapy is the critical determinant of survival in human septic shock.},
  author = {Kumar, A},
  howpublished = {{https://www.ncbi.nlm.nih.gov/pubmed/16625125}},
  year = {2006},
  note = {Accessed: 02-14-2017}
}

@misc{pressors,
  title = {Effect of Early Vasopressin vs Norepinephrine on Kidney Failure in Patients With Septic Shock},
  author = {Anthony C. Gordon, MD},
  howpublished = {{http://jamanetwork.com/journals/jama/fullarticle/2540403}},
  year = {2016},
  note = {Accessed: 02-14-2017}
}

@misc{survival2,
  title = {Septic shock: an analysis of outcomes for patients with onset on hospital wards versus intensive care units.},
  author = {Lundberg, JS},
  howpublished = {{https://www.ncbi.nlm.nih.gov/pubmed/9635649}},
  year = {1998},
  note = {Accessed: 02-14-2017}
}

@misc{sepsisresearch,
  title = {Predicting survival of patients with sepsis by use of regression and neural network models.},
  author = {Flanagan, JR},
  howpublished = {{https://www.ncbi.nlm.nih.gov/pubmed/10156949}},
  year = {1996},
  note = {Accessed: 02-14-2017}
}